@article{test123,
  title={Centrality in social networks conceptual clarification},
  author={Freeman, L.C.},
  journal={Social networks},
  volume={1},
  number={3},
  pages={215--239},
  year={1979},
  publisher={Elsevier}
}
