@inproceedings{leskovec2010,
  title={Empirical comparison of algorithms for network community detection},
  author={Leskovec, J. and Lang, K.J. and Mahoney, M.},
  booktitle={Proceedings of the 19th international conference on World wide web},
  pages={631--640},
  year={2010},
  organization={ACM}
}
